@article{DASurvey,
  author={Chnoor M. Rahman Tarik A. Rashid Abeer Alsadoon Nebojsa Bacanin Polla Fattah Seyedali Mirjalil},
  title={A survey on dragonfly algorithm and its applications in engineering},
  year={2021},
  journal={Evolutionary Intelligence}
}

@article{DAReview,
    author={Yassine Meraihi Amar Ramdane-Cherif  Dalila Acheli  Mohammed Mahseur},
    title={Dragonfly algorithm: a comprehensive review and applications},
    year={2020},
    journal={Neural Computing and Applications}
}


@article{BDragonfly,
    author={Çiğdem İnan Acı, Hakan Gülcan},
    title={H. A Modified Dragonfly Optimization Algorithm for Single- and Multiobjective Problems Using Brownian Motion},
    journal={Computational Intelligence and Neuroscience},
    year={2019}
}

@article{Original,
    author={Seyedali Mirjalili},
    title={Dragonfly algorithm: a new meta-heuristic optimization technique
    for solving single-objective, discrete, and multi-objective problem},
    year={2016},
    journal={Neural Computing and Applications}
}

@misc{WikiGamma,
    howpublished="\url{https://en.wikipedia.org/wiki/Gamma_function}"
}